@misc{Hairer:10,
      title={Ergodicity of hypoelliptic SDEs driven by fractional Brownian motion}, 
      author={Martin Hairer and Natesh S. Pillai},
      year={2010},
      eprint={0909.4505},
      archivePrefix={arXiv},
      primaryClass={math.PR},
      url={https://arxiv.org/abs/0909.4505}, 
}

@article{Hairer:13,
   title={Regularity of laws and ergodicity of hypoelliptic SDEs driven by rough paths},
   volume={41},
   ISSN={0091-1798},
   url={http://dx.doi.org/10.1214/12-AOP777},
   DOI={10.1214/12-aop777},
   number={4},
   journal={The Annals of Probability},
   publisher={Institute of Mathematical Statistics},
   author={Hairer, Martin and Pillai, Natesh S.},
   year={2013},
   month=jul }
  
@misc{Li:25,
      title={Strong completeness of SDEs and non-explosion for RDEs with coefficients having unbounded derivatives}, 
      author={Xue-Mei Li and Kexing Ying},
      year={2025},
      eprint={2502.08799},
      archivePrefix={arXiv},
      primaryClass={math.PR},
      url={https://arxiv.org/abs/2502.08799}, 
}